% paper stating that knowledge about inclusion dependencies helps the query optimizer
@inproceedings{gryz1998query,
  title={Query folding with inclusion dependencies},
  author={Gryz, Jarek},
  booktitle={Proceedings 14th International Conference on Data Engineering},
  pages={126--133},
  year={1998},
  organization={IEEE}
}

% importance of inclusion dependencies when looking at database/schema desing
@article{levene2000justification,
  title={Justification for inclusion dependency normal form},
  author={Levene, Mark and Vincent, Millist W},
  journal={IEEE Transactions on Knowledge and Data Engineering},
  volume={12},
  number={2},
  pages={281--291},
  year={2000},
  publisher={IEEE}
}

% outlining the importance of inclusion dependencies in relational databases
@inproceedings{casanova1982inclusion,
  title={Inclusion dependencies and their interaction with functional dependencies},
  author={Casanova, Marco A and Fagin, Ronald and Papadimitriou, Christos H},
  booktitle={Proceedings of the 1st ACM SIGACT-SIGMOD symposium on Principles of database systems},
  pages={171--176},
  year={1982}
}

% IND is W[3] hard
@inproceedings{blasius2017parameterized,
  title={The parameterized complexity of dependency detection in relational databases},
  author={Bl{\"a}sius, Thomas and Friedrich, Tobias and Schirneck, Martin},
  booktitle={11th International Symposium on Parameterized and Exact Computation (IPEC 2016)},
  year={2017},
  organization={Schloss Dagstuhl-Leibniz-Zentrum fuer Informatik}
}

% Metanome
@article{Papenbrock:2015:DPM:2824032.2824086,
 author = {Papenbrock, Thorsten and Bergmann, Tanja and Finke, Moritz and Zwiener, Jakob and Naumann, Felix},
 title = {Data Profiling with Metanome},
 journal = {Proc. VLDB Endow.},
 issue_date = {August 2015},
 volume = {8},
 number = {12},
 month = aug,
 year = {2015},
 issn = {2150-8097},
 pages = {1860--1863},
 numpages = {4},
 url = {http://dx.doi.org/10.14778/2824032.2824086},
 doi = {10.14778/2824032.2824086},
 acmid = {2824086},
 publisher = {VLDB Endowment},
}

% Data doubles every two years
@article{gantz2012digital,
  title={The digital universe in 2020: Big data, bigger digital shadows, and biggest growth in the far east},
  author={Gantz, John and Reinsel, David},
  journal={IDC iView: IDC Analyze the future},
  volume={2007},
  number={2012},
  pages={1--16},
  year={2012}
}

% B&B Algo
@book{bell1995discovery,
  title={Discovery of data dependencies in relational databases},
  author={Bell, Siegfried and Brockhausen, Peter},
  year={1995},
  publisher={Citeseer}
}